@ARTICLE{RAMuller,
   author = {R.A. Muller},
   title = {Evidence for a solar companion star},
   journal = {Nature},
   year = {1984},
   volume = {308},
   pages = {715-117}
}

@online{astronomia,
    author = {Astromia.com},
    title = {Astronom√≠a Educativa: Tierra, Sistema Solar y Universo},
    year = {Diciembre 15, 2014.},
    url = {http://www.astromia.com/solar/nubeoort.htm}  
}

@online{russel,
    author = {Atlas Of The Universe},
    title = {Atlas Of The Universe},
    year = {Diciembre 15, 2014.},
    url = {http://www.atlasoftheuniverse.com/espanol/hr.html}  
}

@online{enciclopedia,
    author = {Enciclopedia},
    title = {Enciclopedia},
    year = {Diciembre 1, 2009.},
    url = {http://enciclopedia.us.es/index.php/Elipse}  
}

@online{opengl,
    author = {OpenGL},
    title = {OpenGL Overview},
    year = {Diciembre 15, 2014.},
    url = {https://www.opengl.org/about/}
}

@online{skybox,
    author = {Jiadi YANG},
    title = {Treasure Hunting},
    year = {Diciembre 15, 2014.},
    howpublished = "\url{http://www.cs.ucla.edu/~jdyang/CS274C_project_report.pdf}"
}

@Book{foley,
	author = {Foley, James},
	title = {Computer graphics : principles and practice},
	publisher = {Addison-Wesley},
	year = {1995},
	address = {Reading, Mass},
	isbn = {0201848406}
}